<?xml version="1.0" encoding="UTF-8"?><collection xmlns="http://www.loc.gov/MARC21/slim"><record><leader>00457nam--2200145-i-4500</leader><controlfield tag="001">000010390</controlfield><controlfield tag="002">20161230</controlfield><controlfield tag="005">20170128145035</controlfield><controlfield tag="008">060222s1000------------r-----000-0-eng-d</controlfield><datafield ind1=" " ind2=" " tag="080"><subfield code="a">621.0:025.3:017</subfield></datafield><datafield ind1=" " ind2=" " tag="245"><subfield code="a">Cataloage tehnice de produse si carti de masin i din tara si strainatate in domeniul informarii documentare</subfield></datafield><datafield ind1=" " ind2=" " tag="260"><subfield code="a">Bucuresti</subfield><subfield code="b">Inst.Central De Documentare Tehnica</subfield><subfield code="c">1972</subfield></datafield><datafield ind1=" " ind2=" " tag="300"><subfield code="a">101 p</subfield></datafield><datafield ind1=" " ind2=" " tag="852"><subfield code="a">D.2097</subfield></datafield><datafield ind1=" " ind2=" " tag="CAT"><subfield code="a">SYS</subfield><subfield code="c">20170128</subfield><subfield code="h">145035</subfield></datafield></record></collection>